@article{VANDENHERIK2002277,
title = {Games solved: Now and in the future},
journal = {Artificial Intelligence},
volume = {134},
number = {1},
pages = {277-311},
year = {2002},
issn = {0004-3702},
doi = {https://doi.org/10.1016/S0004-3702(01)00152-7},
url = {https://www.sciencedirect.com/science/article/pii/S0004370201001527},
author = {H.Jaap {van den Herik} and Jos W.H.M. Uiterwijk and Jack {van Rijswijck}}
}

@article{ConnectFourComputer,
title = {A note on the computer solution of Connect-Four},
journal = {D.N.L. Levy, D.F. Beal (Eds.), Heuristic
Programming in Artificial Intelligence: The First Computer Olympiad},
pages = {134-135},
year = {1989},
author = {J. Allen}
}

@article{ConnectFourKnowledge,
title = {A knowledge-based approach of Connect Four},
journal = {M.Sc.
Thesis, Vrije Universiteit Report No. IR-163, Faculty of Mathematics and Computer Science, Vrije
Universiteit, Amsterdam},
year = {1988},
author = {L.V. Allis}
}

@article{AlphaZero,
  author          = {David Silver, THomas Hubert, Julian Schrittwieser, Ioannis Antonoglou,
  Matthew Lai1, Arthur Guez1, Marc Lanctot1, Laurent Sifre1, Dharshan Kumaran1,
  Thore Graepel1, Timothy Lillicrap1, Karen Simonyan1, Demis Hassabi},
  title           = {A general reinforcement learning algorithm that masters chess, shogi, and Go through self-play},
  journal         = {Science},
  volume          = {362},
  issue           = {6419},
  pages           = {1140-1144},
  year            = {2018},
  doi             = {10.1126/science.aar6404}
}

@article{GeneralGamePlay,
  author = {Michael Genesereth, Nathaniel Love, and Barney Pell},
  journal = {AI Magazine},
  title = {General Game Playing: Overview of the AAAI Competition},
  year = {2005}
}